@article{chowell2020real,
  title={Real-time forecasting of epidemic trajectories using computational dynamic ensembles},
  author={Chowell, G and Luo, R and Sun, K and Roosa, K and Tariq, A and Viboud, C},
  journal={Epidemics},
  volume={30},
  pages={100379},
  year={2020},
  publisher={Elsevier}
}

@article{wu2020generalized,
  title={Generalized logistic growth modeling of the COVID-19 outbreak in 29 provinces in China and in the rest of the world},
  author={Wu, Ke and Darcet, Didier and Wang, Qian and Sornette, Didier},
  journal={arXiv preprint arXiv:2003.05681},
  year={2020}
}

@article{russell2020using,
  title={Using a delay-adjusted case fatality ratio to estimate under-reporting},
  author={Russell, Timothy W and Hellewell, Joel and Abbott, Sam and Jarvis, CI and van Zandvoort, K and others},
  journal={Centre for Mathematical Modeling of Infectious Diseases Repository},
  year={2020}
}

@article{ferretti2020quantifying,
  title={Quantifying SARS-CoV-2 transmission suggests epidemic control with digital contact tracing},
  author={Ferretti, Luca and Wymant, Chris and Kendall, Michelle and Zhao, Lele and Nurtay, Anel and Abeler-D{\"o}rner, Lucie and Parker, Michael and Bonsall, David and Fraser, Christophe},
  journal={Science},
  year={2020},
  publisher={American Association for the Advancement of Science}
}

@article {Ferretti2020.03.08.20032946,
	author = {Ferretti, Luca and Wymant, Chris and Kendall, Michelle and Zhao, Lele and Nurtay, Anel and Abeler-Dorner, Lucie and Parker, Michael and Bonsall, David G and Fraser, Christophe},
	title = {Quantifying SARS-CoV-2 transmission suggests epidemic control with digital contact tracing},
	elocation-id = {2020.03.08.20032946},
	year = {2020},
	doi = {10.1101/2020.03.08.20032946},
	publisher = {Cold Spring Harbor Laboratory Press},
	URL = {https://www.medrxiv.org/content/early/2020/03/31/2020.03.08.20032946},
	eprint = {https://www.medrxiv.org/content/early/2020/03/31/2020.03.08.20032946.full.pdf},
	journal = {medRxiv}
}


@article{ferretti2020quantifying2,
  title={},
  author={Ferretti et al.},
  journal={Supplement},
  year={2020},
}

@article{Maier2020,
  title={Effective containment explains sub-exponential growth in confirmed cases of recent COVID-19 outbreak in Mainland China},
  author={Maier B.F. and D. Brockmann},
  journal={arXiv preprint arXiv:2020.07572v1},
  year={2020}
}

@article{Watmough2006,
  title={Simple models for containment of a pandemic},
  author={Julien Arino, Fred Brauer, P. van den Driessche, James Watmough, and Jianhong Wu},
  journal={J. R. Soc. Interface},
pages = {453â€“457},
  year={2006},
}

@article{ferguson2020report,
  title={Report 9: Impact of non-pharmaceutical interventions (NPIs) to reduce COVID19 mortality and healthcare demand},
  author={Ferguson, Neil and Laydon, Daniel and Nedjati Gilani, Gemma and Imai, Natsuko and Ainslie, Kylie and Baguelin, Marc and Bhatia, Sangeeta and Boonyasiri, Adhiratha and Cucunuba Perez, ZULMA and Cuomo-Dannenburg, Gina and others},
journal= {Imperial College},
  year={2020}
}

@article{prem2020wuhan,
  title={The effect of control strategies to reduce social mixing on outcomes of the COVID-19 epidemic in Wuhan, China: a modelling study},
  author={Prem, Kiesha and Liu, Yang and Russell, Timothy W and Kucharski, Adam J and Eggo, Rosalind M and Davies, Nicholas and Flasche, Stefan and Clifford, Samuel and Pearson, Carl AB and Munday, James D and others},
  journal={The Lancet Public Health},
  year={2020},
  publisher={Elsevier}
}

@article{R5.7,
authors = {Sanche S, Lin YT, Xu C, Romero-Severson E, Hengartner N, Ke R.},
title = {High contagiousness and rapid spread of severe acute respiratory syndrome coronavirus 2.},
journal = {Emerg Infect Dis.},
year = {2020}, 
URL = {https://doi.org/10.3201/eid2607.200282}
}

@article{tang2020updated,
  title={An updated estimation of the risk of transmission of the novel coronavirus (2019-nCov)},
  author={Tang, Biao and Bragazzi, Nicola Luigi and Li, Qian and Tang, Sanyi and Xiao, Yanni and Wu, Jianhong},
  journal={Infectious disease modelling},
  volume={5},
  pages={248--255},
  year={2020},
URL = {https://doi.org/10.1016/j.idm.2020.02.001}, 
  publisher={Elsevier}
}

@article{tang2020estimation,
  title={Estimation of the transmission risk of the 2019-nCoV and its implication for public health interventions},
  author={Tang, Biao and Wang, Xia and Li, Qian and Bragazzi, Nicola Luigi and Tang, Sanyi and Xiao, Yanni and Wu, Jianhong},
  journal={Journal of Clinical Medicine},
  volume={9},
  number={2},
  pages={462},
  year={2020},
URL = { https://doi.org/10.3390/jcm9020462}, 
  publisher={Multidisciplinary Digital Publishing Institute}
}

@article{djidjou2020optimal,
  title={Optimal COVID-19 epidemic control until vaccine deployment},
  author={Djidjou-Demasse, Ramses and Michalakis, Yannis and Choisy, Marc and Sofonea, Micea T and Alizon, Samuel},
  journal={medRxiv},
  year={2020},
  publisher={Cold Spring Harbor Laboratory Press}
}

@article{he2020temporal,
  title={Temporal dynamics in viral shedding and transmissibility of COVID-19},
  author={He, Xi and Lau, Eric HY and Wu, Peng and Deng, Xilong and Wang, Jian and Hao, Xinxin and Lau, Yiu Chung and Wong, Jessica Y and Guan, Yujuan and Tan, Xinghua and others},
  journal={Nature medicine},
  pages={1--4},
  year={2020},
  publisher={Nature Publishing Group}
}

@article{salje2020estimating,
  title={Estimating the burden of SARS-CoV-2 in France},
  author={Salje, Henrik and Kiem, C{\'e}cile Tran and Lefrancq, No{\'e}mie and Courtejoie, No{\'e}mie and Bosetti, Paolo and Paireau, Juliette and Andronico, Alessio and Hoze, Nathana{\"e}l and Richet, Jehanne and Dubost, Claire-Lise and others},
  journal={medRxiv},
  year={2020},
  publisher={Cold Spring Harbor Laboratory Press}
}

@article{salje2020estimating_supp,
  title={Estimating the burden of SARS-CoV-2 in France},
  author={Salje, Henrik and Kiem, C{\'e}cile Tran and Lefrancq, No{\'e}mie and Courtejoie, No{\'e}mie and Bosetti, Paolo and Paireau, Juliette and Andronico, Alessio and Hoze, Nathana{\"e}l and Richet, Jehanne and Dubost, Claire-Lise and others},
  journal={Supplem},
  year={2020},
  publisher={Cold Spring Harbor Laboratory Press}
}

@article{van2002reproduction,
  title={Reproduction numbers and sub-threshold endemic equilibria for compartmental models of disease transmission},
  author={Van den Driessche, Pauline and Watmough, James},
  journal={Mathematical biosciences},
  volume={180},
  number={1-2},
  pages={29--48},
  year={2002},
  publisher={Elsevier}
}

@article{elsner1976note,
  title={A note on characterizations of irreducibility of nonnegative matrices},
  author={Elsner, Ludwig},
  journal={Linear Algebra and Appl.},
  volume={14},
  pages={187--188},
  year={1976}
}

@book{seneta2006non,
  title={Non-negative matrices and Markov chains},
  author={Seneta, Eugene},
  year={2006},
  publisher={Springer Science \& Business Media}
}

@article{breda2012formulation,
  title={On the formulation of epidemic models (an appraisal of Kermack and McKendrick)},
  author={Breda, D and Diekmann, O and De Graaf, WF and Pugliese, A and Vermiglio, R},
  journal={Journal of biological dynamics},
  volume={6},
  number={sup2},
  pages={103--117},
  year={2012},
  publisher={Taylor \& Francis}
}

@inproceedings{ruhi2015sirs,
  title={SIRS epidemics on complex networks: Concurrence of exact Markov chain and approximated models},
  author={Ruhi, Navid Azizan and Hassibi, Babak},
  booktitle={2015 54th IEEE Conference on Decision and Control (CDC)},
  pages={2919--2926},
  year={2015},
  organization={IEEE}
}

@article{he2020temporal,
  title={Temporal dynamics in viral shedding and transmissibility of COVID-19},
  author={He, Xi and Lau, Eric HY and Wu, Peng and Deng, Xilong and Wang, Jian and Hao, Xinxin and Lau, Yiu Chung and Wong, Jessica Y and Guan, Yujuan and Tan, Xinghua and others},
  journal={Nature medicine},
  volume={26},
  number={5},
  pages={672--675},
  year={2020},
  publisher={Nature Publishing Group}
}

@article{ali2020serial,
  title={Serial interval of SARS-CoV-2 was shortened over time by nonpharmaceutical interventions},
  author={Ali, Sheikh Taslim and Wang, Lin and Lau, Eric HY and Xu, Xiao-Ke and Du, Zhanwei and Wu, Ye and Leung, Gabriel M and Cowling, Benjamin J},
  journal={Science},
  year={2020},
  publisher={American Association for the Advancement of Science}
}

@article{gressman2020simulating,
  title={Simulating COVID-19 in a University Environment},
  author={Gressman, Philip T and Peck, Jennifer R},
  journal={arXiv preprint arXiv:2006.03175},
  year={2020}
}

@article{van2020shedding,
  title={Shedding of infectious virus in hospitalized patients with coronavirus disease-2019 (COVID-19): duration and key determinants},
  author={van Kampen, Jeroen JA and van de Vijver, David AMC and Fraaij, Pieter LA and Haagmans, Bart L and Lamers, Mart M and Okba, Nisreen and van den Akker, Johannes PC and Endeman, Henrik and Gommers, Diederik AMPJ and Cornelissen, Jan J and others},
  journal={medRxiv},
  year={2020},
  publisher={Cold Spring Harbor Laboratory Press}
}
